@article{gower1966,
	Author = {Gower, J. C.},
	Date-Added = {2009-08-25 13:32:50 +0100},
	Date-Modified = {2009-08-25 13:33:48 +0100},
	Journal = {Biometrika},
	Number = {3 and 4},
	Pages = {325-338},
	Title = {Some distance properties of latent root and vector methods used in multivariate analysis},
	Volume = {53},
	Year = {1966}}

@article{gower1968,
	Author = {Gower, J. C.},
	Date-Added = {2009-08-25 13:27:43 +0100},
	Date-Modified = {2009-08-25 13:32:32 +0100},
	Journal = {Biometrika},
	Number = {3},
	Pages = {582-585},
	Title = {Adding a point to vector diagrams in multivariate analysis},
	Volume = {55},
	Year = {1968}}

@book{chatfieldcollins,
	Author = {Chatfield, C. AND Collins, A. J.},
	Date-Added = {2009-08-25 11:46:17 +0100},
	Date-Modified = {2009-08-25 14:21:27 +0100},
	Publisher = {CRC Press},
	Title = {Introduction to multivariate analysis},
	Year = {1980}}

@techreport{bfgs,
	Author = {Byrd, R .H. and Lu, P. and Nocedal, J. and Zhu, C.},
	Date-Added = {2007-12-07 13:14:09 +0000},
	Date-Modified = {2007-12-07 13:28:49 +0000},
	Institution = {Northwestern University Department of Electrical Engineering and Computer Science},
	Number = {NAM-08},
	Title = {A Limited Memory Algorithm for Bound Constrained Optimization},
	Year = {1994}}

@book{simonbook,
	Author = {Wood, S. N.},
	Publisher = {Chapman \& Hall},
	Title = {Generalized Additive Models: An Introduction with {R}},
	Year = {2006}}

@book{handbuch,
	Author = {Bronshtein, I. N. and Semendyayev, K. A. and Musiol, G. and Muehlig, H.},
	Publisher = {Springer},
	Title = {Handbook of Mathematics},
	Year = {2003}}

@article{eilersmarx96,
	Author = {Eilers, P. H. C. AND Marx, B. D.},
	Journal = {Statist. Sci.},
	Title = {Flexible smoothing with {B}-splines and penalties},
	Year = {1996}}

@article{ramsay,
	Author = {Ramsay, T.},
	Journal = {J. R. Statist. Soc. B},
	Title = {Spline smoothing over difficult regions},
	Year = {2001}}

@article{soap,
	Author = {Wood, S. N. AND Bravington, M. V. AND Hedley, S. L.},
	Journal = {J. R. Statist. Soc. B},
	Title = {Soap film smoothing},
	Year = {2008}}

@article{wangranalli,
	Author = {Wang, H. AND Ranalli, M. G.},
	Journal = {Biometrics},
	Title = {Low-rank smoothing splines on complicated domains},
	Year = {2007}}

@misc{miller08,
	Author = {Miller, D. L.},
	Howpublished = {Unpublished report, University of Bath},
	Title = {Technical details of the {S}chwarz-{C}hristoffel transform in relation to its application to smoothing},
	Year = {2008}}

@misc{miller09,
	Author = {Miller, D. L.},
	Howpublished = {Unpublished report, University of Bath},
	Title = {Smoothing over the {R}amsay horseshoe using the {S}chwarz-{C}hristoffel transform},
	Year = {2009}}

@misc{eilerstalk,
	Author = {Eilers, P. H. C.},
	Howpublished = {Seminar at the University of Munich},
	Title = {{P}-spline smoothing on difficult domains},
	Year = {2006}}

@article{diaconis08,
	Author = {Diaconis, P. AND Goel, S. AND Holmes, S.},
	Journal = {Annals of Applied Statistics},
	Title = {Horseshoes in multidimensional scaling and local kernel methods},
	Year = {2008}}

 @article{schoenberg35,
     title = {Remarks to {M}aurice {F}rechet's Article ``{S}ur La Definition Axiomatique D'Une Classe D'Espace Distances Vectoriellement Applicable Sur L'Espace De {H}ilbert"},
     author = {Schoenberg, I. J.},
     journal = {The Annals of Mathematics},
     volume = {36},
     number = {3},
     year = {1935},
     publisher = {Annals of Mathematics},    
    }

@article{terbraak,
   title = {Canonical Correspondence Analysis: A New Eigenvector Technique for Multivariate Direct Gradient Analysis},
   author = {ter Braak, C. J. F.},
   journal = {Ecology},
   volume = {67},
   number = {5},
   year = {1986},
   publisher = {Ecological Society of America},    
}

@article{Boj2009,
   title = "Projection error term in {G}ower's interpolation",
   journal = "Journal of Statistical Planning and Inference",
   volume = "139",
   number = "6",
   pages = "1867 - 1878",
   year = "2009",
   author = {Boj, E. and Claramunt, M. M. and Grané, A. and  Fortiana, J.},
}


@article{Trosset2008,
   title = "The out-of-sample problem for classical multidimensional scaling",
   journal = "Computational Statistics \& Data Analysis",
   volume = "52",
   number = "10",
   pages = "4635 - 4642",
   year = "2008",
   author = {Trosset, M. W. AND Priebe, C. E.}
}


@article{Critchley1988,
   title = "On certain linear mappings between inner-product and squared-distance matrices",
   journal = "Linear Algebra and its Applications",
   volume = "105",
   pages = "91 - 107",
   year = "1988",
   author = "Frank Critchley"
}

@techreport{landmark,
	Author = {de Silva, V. AND Tenenbaum, J. B.},
	Institution = {Stanford University},
	Title = {Sparse multidimensional scaling using landmark points},
	Year = {2004}
}


@article{wood2000,
   title = "Modelling and smoothing parameter estimation with multiple quadratic penalties",
   journal = "J. R. Statist. Soc. B",
   volume = "62",
   pages = "413 - 428",
   year = "2000",
   author = "S. N. Wood"
}
