@techreport{bfgs,
  Author = {Byrd, R .H. and Lu, P. and Nocedal, J. and Zhu, C.},
  Date-Added = {2007-12-07 13:14:09 +0000},
  Date-Modified = {2007-12-07 13:28:49 +0000},
  Institution = {Northwestern University Department of Electrical Engineering and Computer Science},
  Number = {NAM-08},
  Title = {A Limited Memory Algorithm for Bound Constrained Optimization},
  Year = {1994}}
 
@book{ahlfors,
  Author = {Ahlfors, L. V.},
  Publisher = {McGraw-Hill},
  Title = {Complex Analysis},
  Year = {1966}}

@book{driscoll,
  Author = {Driscoll, T. A. AND Trefethen, L. N.},
  Publisher = {Cambridge},
  Title = {Schwarz-Christoffel Mapping},
  Year = {2002}}

@book{handbuch,
  Author = {Bronshtein, I. N. and Semendyayev, K. A. and Musiol, G. and Muehlig, H.},
  Date-Added = {2007-06-11 16:23:05 +0100},
  Date-Modified = {2007-09-23 14:52:51 +0100},
  Publisher = {Springer},
  Read = {Yes},
  Title = {Handbook of Mathematics},
  Year = {2003}}

 
@article{bayesmixtures,
  Author = {Marin, J.-M. and Mengersen, K. and Robert, C.P.},
  Date-Added = {2007-10-23 12:23:55 +0100},
  Date-Modified = {2007-10-24 16:40:49 +0100},
  Journal = {Handbook of Statistics 25},
  Pages = {459-507},
  Title = {Bayesian modelling and inference on mixtures of distributions},
  Url = {http://congres-math.univ-mlv.fr/a14fe87d/marin.pdf},
  Volume = {16},
  Year = {2005},
  Bdsk-Url-1 = {http://congres-math.univ-mlv.fr/a14fe87d/marin.pdf}}


