%% This BibTeX bibliography file was created using BibDesk.
%% http://bibdesk.sourceforge.net/


%% Created for David Lawrence Miller at 2010-04-28 12:02:31 +0100 


%% Saved with string encoding Unicode (UTF-8) 

%%%% general %%%%
@techreport{bfgs,
	Author = {Byrd, R .H. and Lu, P. and Nocedal, J. and Zhu, C.},
	Date-Added = {2010-04-23 15:32:10 +0100},
	Date-Modified = {2010-04-23 15:32:10 +0100},
	Institution = {Northwestern University Department of Electrical Engineering and Computer Science},
	Number = {NAM-08},
	Title = {A Limited Memory Algorithm for Bound Constrained Optimization},
	Year = {1994}}


@book{elements,
	Author = {Hastie, T. AND Tibshirani, R. AND Friedman, J.},
	Date-Added = {2010-04-23 15:32:10 +0100},
	Date-Modified = {2010-04-23 15:32:10 +0100},
	Publisher = {Springer},
	Title = {Elements of Statistical Learning},
	Year = {2001}}

@book{handbuch,
	Author = {Bronshtein, I. N. and Semendyayev, K. A. and Musiol, G. and Muehlig, H.},
	Date-Added = {2010-04-23 15:32:10 +0100},
	Date-Modified = {2010-04-23 15:32:10 +0100},
	Publisher = {Springer},
	Title = {Handbook of Mathematics},
	Year = {2003}}

@incollection{quantss,
	Author = {C. Cameron},
	Booktitle = {A Quantitative Tour of the Social Sciences},
	Date-Added = {2010-04-23 15:32:10 +0100},
	Date-Modified = {2010-04-23 15:32:10 +0100},
	Editor = {A. Gelman AND J. Cortina},
	Publisher = {Cambridge University Press},
	Title = {The politics of Supreme Court nominations},
	Year = {2009}}

@article{floyd,
	Author = {Floyd, R.W.},
	Journal = {Communications of the ACM},
	Title = {Algorithm 97: Shortest Path},
	Number = {6},
	Pages = {345},
	Volume = {5},
	Year = {1962}}


%%%% GAM %%%%

@book{rwc,
	Author = {Ruppert, D. AND Wand, M.P. AND Carroll, R.J.},
	Publisher = {Cambridge University Press},
	Title = {Semiparametric Regression},
	Year = {2003}}

@article{marraradice2010,
	Author = {Marra, G. AND Radice, R.},
	Journal = {Statistical methods in medical research},
	Title = {Penalised regression splines: theory and applications to medical research},
	Volume={19},
	Number={2},
	Pages={107-125},
	Year = {2010}}

@article{wood2000,
	Author = {S. N. Wood},
	Date-Added = {2010-04-23 15:32:10 +0100},
	Date-Modified = {2010-04-23 15:32:10 +0100},
	Journal = {J. R. Statist. Soc. B},
	Pages = {413 - 428},
	Title = {Modelling and smoothing parameter estimation with multiple quadratic penalties},
	Volume = {62},
	Year = {2000}}
	
@book{simonbook,
	Author = {Wood, S. N.},
	Publisher = {Chapman \& Hall},
	Title = {Generalized Additive Models: An Introduction with R},
	Year = {2006}}

@article{eilersmarx96,
	Author = {Eilers, P. H. C. AND Marx, B. D.},
	Journal = {Statist. Sci.},
	Title = {Flexible smoothing with B-splines and penalties},
	Year = {1996}}

@article{hurvich,
	Author = {Hurvich, C.M. AND Simonoff, J.S. AND Tsai, C.L.},
	Journal = {J. R. Statist. Soc. B},
	Title = {Smoothing parameter selection in nonparametric regression using an improved Akaike information criterion},
	Number = {60},
	Pages = {271-293},
	Year = {1998}}

%%%% MDS %%%%
@article{gower1968,
	Author = {Gower, J. C.},
	Date-Added = {2010-04-23 15:32:10 +0100},
	Date-Modified = {2010-04-23 15:32:10 +0100},
	Journal = {Biometrika},
	Number = {3},
	Pages = {582-585},
	Title = {Adding a point to vector diagrams in multivariate analysis},
	Volume = {55},
	Year = {1968}}

@article{terbraak,
	Author = {ter Braak, C. J. F.},
	Date-Added = {2010-04-23 15:32:10 +0100},
	Date-Modified = {2010-04-23 15:32:10 +0100},
	Journal = {Ecology},
	Number = {5},
	Publisher = {Ecological Society of America},
	Title = {Canonical Correspondence Analysis: A New Eigenvector Technique for Multivariate Direct Gradient Analysis},
	Pages={69-77},
	Volume = {67},
	Year = {1986}}

@unpublished{bernstein,
	Author = {Bernstein, M. AND {de Silva}, V. AND Langford, J. C. AND Tenenbaum, J. B.},
	Date-Added = {2010-04-28 11:59:53 +0100},
	Date-Modified = {2010-04-28 12:02:18 +0100},
	Year={2000},
	Note={Technical report},
	Title = {Graph approximations to geodesics on embedded manifolds},
	Urldate = {http://citeseer.ist.psu.edu/bernstein00graph.html}}

@article{diaconis08,
	Author = {Diaconis, P. AND Goel, S. AND Holmes, S.},
	Date-Added = {2010-04-23 15:32:10 +0100},
	Date-Modified = {2010-04-23 15:32:10 +0100},
	Journal = {Annals of Applied Statistics},
	Title = {Horseshoes in multidimensional scaling and local kernel methods},
	Volume={2},
	Number={3},
	Pages={777-807},
	Year = {2008}}

@book{chatfieldcollins,
	Author = {Chatfield, C. AND Collins, A. J.},
	Date-Added = {2010-04-23 15:32:10 +0100},
	Date-Modified = {2010-04-23 15:32:10 +0100},
	Publisher = {CRC Press},
	Title = {Introduction to multivariate analysis},
	Year = {1980}}


@article{torgerson,
	Author = {Torgerson, W. S.},
	Date-Added = {2010-04-23 15:32:10 +0100},
	Date-Modified = {2010-04-23 15:32:10 +0100},
	Journal = {Pyschometrika},
	Number = {4},
	Pages = {401-419},
	Title = {Multidimensional Scaling: {I}. Theory and Applications},
	Volume = {17},
	Year = {1952}}

@article{Critchley1988,
	Author = {Frank Critchley},
	Date-Added = {2010-04-23 15:32:10 +0100},
	Date-Modified = {2010-04-23 15:32:10 +0100},
	Journal = {Linear Algebra and its Applications},
	Pages = {91 - 107},
	Title = {On certain linear mappings between inner-product and squared-distance matrices},
	Volume = {105},
	Year = {1988}}

@book{principlesofMA,
	Author = {Krzanowski, W. J.},
	Date-Added = {2010-04-23 15:32:10 +0100},
	Date-Modified = {2010-04-23 15:32:10 +0100},
	Publisher = {Oxford University Press},
	Title = {Principles of Multivariate Analysis},
	Year = {1990}}

@article{Boj2009,
	Author = {Boj, E. and Claramunt, M. M. and Granï¿½, A. and Fortiana, J.},
	Date-Added = {2010-04-23 15:32:10 +0100},
	Date-Modified = {2010-04-23 15:32:10 +0100},
	Journal = {Journal of Statistical Planning and Inference},
	Number = {6},
	Pages = {1867 - 1878},
	Title = {Projection error term in {G}ower's interpolation},
	Volume = {139},
	Year = {2009}}


@article{schoenberg35,
	Author = {Schoenberg, I. J.},
	Journal = {The Annals of Mathematics},
	Number = {3},
	Publisher = {Annals of Mathematics},
	Title = {Remarks to {M}aurice {F}rechet's Article ``{S}ur La Definition Axiomatique D'Une Classe D'Espace Distances Vectoriellement Applicable Sur L'Espace De {H}ilbert''},
	Volume = {36},
	Pages={724-732},
	Year = {1935}}

@inproceedings{spiralpaper,
	Author = {Pozdnoukhov. A. AND Benjio, S.},
	Booktitle = {IEEE International Conference on Acoustic, Speech, and Signal Processing},
	Date-Added = {2010-04-23 15:32:10 +0100},
	Date-Modified = {2010-04-23 15:32:10 +0100},
	Title = {Semi-supervised kernel method for regression estimation},
	Year = {2006}}
	
@article{gower1966,
	Author = {Gower, J. C.},
	Date-Added = {2010-04-23 15:32:10 +0100},
	Date-Modified = {2010-04-23 15:32:10 +0100},
	Journal = {Biometrika},
	Number = {3 and 4},
	Pages = {325-338},
	Title = {Some distance properties of latent root and vector methods used in multivariate analysis},
	Volume = {53},
	Year = {1966}}


@article{Trosset2008,
	Author = {Trosset, M. W. AND Priebe, C. E.},
	Date-Added = {2010-04-23 15:32:10 +0100},
	Date-Modified = {2010-04-23 15:32:10 +0100},
	Journal = {Computational Statistics \& Data Analysis},
	Number = {10},
	Pages = {4635 - 4642},
	Title = {The out-of-sample problem for classical multidimensional scaling},
	Volume = {52},
	Year = {2008}}

%%%%% smoothing over complex regions

@article{ramsay,
	Author = {Ramsay, T.},
	Journal = {J. R. Statist. Soc. B},
	Number = {2},
	Pages = {307 - 319},
	Title = {Spline smoothing over difficult regions},
	Volume = {64},
	Year = {2002}}

@article{wangranalli,
	Author = {Wang, H. AND Ranalli, M. G.},
	Journal = {Biometrics},
	Title = {Low-rank smoothing splines on complicated domains},
	Volume={63},
	Pages={209-217},
	Year = {2007}}

@misc{eilerstalk,
	Author = {Eilers, P. H. C.},
	Date-Added = {2010-04-23 15:32:10 +0100},
	Date-Modified = {2010-04-23 15:32:10 +0100},
	Howpublished = {Seminar at the University of Munich},
	Title = {{P}-spline smoothing on difficult domains},
	Year = {2006}}

@article{soap,
	Author = {Wood, S. N. AND Bravington, M. V. AND Hedley, S. L.},
	Date-Added = {2010-04-23 15:32:10 +0100},
	Date-Modified = {2010-04-23 15:32:10 +0100},
	Volume={70},
	Number={5},
	Pages={931-955},
	Journal = {J. R. Statist. Soc. B},
	Title = {Soap film smoothing},
	Year = {2008}}


%%%% SC %%%%

@misc{scdoc,
	Author = {Trefethen, L. N.},
	Title = {\texttt{SCDOC} - User's guide to \texttt{SCPACK} (version 2)},
	Type = {Electronic documentation},
	Url = {http://netlib.org/conformal/scdoc},
	Year = {1983},
	Bdsk-Url-1 = {http://netlib.org/conformal/scdoc}}

@article{driscoll05,
	Author = {Driscoll, T. A.},
	Journal = {ACM Trans. Math. Soft},
	Title = {Algorithm 843: Improvements to the {S}chwarz-{C}hristoffel Toolbox for {MATLAB}},
	Volume={31},
	Number={2},
	Pages={239-251},
	Year = {2005}}

@techreport{landmark,
	Author = {de Silva, V. AND Tenenbaum, J. B.},
	Date-Added = {2010-04-23 15:32:10 +0100},
	Date-Modified = {2010-04-23 15:32:10 +0100},
	Institution = {Stanford University},
	Title = {Sparse multidimensional scaling using landmark points},
	Year = {2004}}

@book{ahlfors,
	Author = {Ahlfors, L. V.},
	Publisher = {McGraw-Hill},
	Title = {Complex Analysis},
	Year = {1966}}

@book{driscoll,
	Author = {Driscoll, T. A. AND Trefethen, L. N.},
	Publisher = {Cambridge},
	Title = {Schwarz-Christoffel Mapping},
	Year = {2002}}

@book{snider,
	Author = {Saff, E. B. AND Snider, A. D.},
	Publisher = {Prentice Hall},
	Title = {Fundamentals of Complex Analysis for Mathematics, Science And Engineering},
	Year = {1993}}

@article{trefethen,
	Author = {Trefethen, L. N.},
	Journal = {Stanford University Computer Science Department technical report},
	Title = {Numerical Computation of the Schwarz-Christoffel Transformation},
	Year = {1979}}

@article{howell90,
	Author = {Howell, L. H. AND Trefethen, L. N.},
	Journal = {Siam J. Sci. Stat. Comput.},
	Title = {A modified {S}chwarz-{C}hristoffel Transformation for elongated regions},
	Volume={11}, 
	Number={5},
	Pages={928-949},
	Year = {1990}}


@techreport{vavasis96,
	Author = {Driscoll, T. A. AND Vavasis, S. A.},
	Institution = {Cornell University},
	Number = {CTC96TR233},
	Title = {Numerical conformal mapping using cross-ratios and {D}elaunay triangulation},
	Year = {1996}}

	
%%%% Distance sampling references %%%%%	
@book{IDS,
	Author = {Buckland, S. T. AND Anderson AND D. R., Burnham, K. P. AND Laake, J. L. AND Borchers, D. L., AND Thomas, L. },
	Publisher = {Oxford University Press. Oxford, UK},
	Title = {Distance Sampling},
	Year = {2001}}

@book{ADS,
	Author = {Buckland, S. T. AND Anderson AND D. R., Burnham, K. P. AND Laake, J. L. AND Borchers, D. L., AND Thomas, L. },
	Publisher = {Oxford University Press. Oxford, UK},
	Title = {Advanced Distance Sampling},
	Year = {2004}}
	
	
	